@book{fieryferments2017,
	author = {Shockey, Kirsten K. and Shockey, Christopher},
	booktitle = {Fiery Ferments},
	isbn = {1612127282},
	year = {2017}
}

